<?xml version="1.0" encoding="UTF-8"?><collection xmlns="http://www.loc.gov/MARC21/slim"><record><leader>00332nam--2200133-i-4500</leader><controlfield tag="001">000012364</controlfield><controlfield tag="002">20161230</controlfield><controlfield tag="005">20161230201029</controlfield><controlfield tag="008">060222s1000------------r-----000-0-eng-d</controlfield><datafield ind1=" " ind2=" " tag="245"><subfield code="a">Applications of mossbauer spectroscopy</subfield></datafield><datafield ind1=" " ind2=" " tag="260"><subfield code="a">New York, Academic Press, 1976</subfield></datafield><datafield ind1=" " ind2=" " tag="490"><subfield code="a">Xi+349p</subfield></datafield><datafield ind1=" " ind2=" " tag="700"><subfield code="a">Cohen, L</subfield></datafield><datafield ind1=" " ind2=" " tag="852"><subfield code="a">539.172.3:539.2</subfield></datafield></record></collection>